
@article{ahmad2018,
	title = {Empirics on linkages among industrialization, urbanization, energy consumption, CO2 emissions and economic growth: a heterogeneous panel study of China},
	author = {Ahmad, Munir and Zhao, Zhen-Yu},
	year = {2018},
	month = {09},
	date = {2018-09-03},
	journal = {Environmental Science and Pollution Research},
	pages = {30617--30632},
	volume = {25},
	number = {30},
	doi = {10.1007/s11356-018-3054-3},
	url = {http://dx.doi.org/10.1007/s11356-018-3054-3},
	langid = {en}
}
